@InProceedings{pinyo-twisted,
  author =	{Pinyo, Gun and Kraus, Nicolai},
  title =	{{From Cubes to Twisted Cubes via Graph Morphisms in Type Theory}},
  booktitle =	{25th International Conference on Types for Proofs and Programs (TYPES 2019)},
  pages =	{5:1--5:18},
  series =	{Leibniz International Proceedings in Informatics (LIPIcs)},
  ISBN =	{978-3-95977-158-0},
  ISSN =	{1868-8969},
  year =	{2020},
  volume =	{175},
  editor =	{Bezem, Marc and Mahboubi, Assia},
  publisher =	{Schloss Dagstuhl -- Leibniz-Zentrum f{\"u}r Informatik},
  address =	{Dagstuhl, Germany},
  URL =		{https://drops.dagstuhl.de/entities/document/10.4230/LIPIcs.TYPES.2019.5},
  URN =		{urn:nbn:de:0030-drops-130694},
  doi =		{10.4230/LIPIcs.TYPES.2019.5},
  annote =	{Keywords: homotopy type theory, cubical sets, directed equality, graph morphisms}
}

@misc{nlab:proarrow,
  author = {{nLab authors}},
  title = {2-category equipped with proarrows},
  url = {http://ncatlab.org/nlab/show/2-category%20equipped%20with%20proarrows},
  note = {{Revision 32}},
  month = apr,
  year-ingore = 2020
}

@article{proarrow1,
  title={Abstract pro arrows {I}},
  author={Wood, Richard J},
  journal={Cahiers de topologie et g{\'e}om{\'e}trie diff{\'e}rentielle},
  volume={23},
  number={3},
  pages={279--290},
  year={1982}
}

@article{proarrow2,
  title={Proarrows {II}},
  author={Wood, Richard J},
  journal={Cahiers de topologie et g{\'e}om{\'e}trie diff{\'e}rentielle cat{\'e}goriques},
  volume={26},
  number={2},
  pages={135--168},
  year={1985}
}

@Book{hottbook,
  ids =       {hott:2013},
  author =    {The {Univalent Foundations Program}},
  title =     {Homotopy Type Theory: Univalent Foundations of Mathematics},
  publisher = {\url{http://homotopytypetheory.org/book}},
  address =   {IAS},
  address-ignore =   {Institute for Advanced Study},
  year =      2013}
  
@InProceedings{container-combinatorics,
author="Uustalu, Tarmo",
editor="Mousavi, Mohammad Reza
and Sgall, Ji{\v{r}}{\'i}",
title="Container Combinatorics: Monads and Lax Monoidal Functors",
booktitle="Topics in Theoretical Computer Science",
year="2017",
publisher="Springer International Publishing",
address="Cham",
pages="91--105",
isbn="978-3-319-68953-1"
}

@article{containers,
title = {Containers: Constructing strictly positive types},
journal = {Theoretical Computer Science},
volume = {342},
number = {1},
pages = {3-27},
year = {2005},
note = {Applied Semantics: Selected Topics},
issn = {0304-3975},
doi = {https://doi.org/10.1016/j.tcs.2005.06.002},
url = {https://www.sciencedirect.com/science/article/pii/S0304397505003373},
author = {Michael Abbott and Thorsten Altenkirch and Neil Ghani},
keywords = {Type theory, Category theory, Container functors, W-Types, Induction, Coinduction, Initial algebras, Final coalgebras},
}

@inproceedings{cubical,
  author       = {Cyril Cohen and
                  Thierry Coquand and
                  Simon Huber and
                  Anders M{\"{o}}rtberg},
  editor       = {Tarmo Uustalu},
  title        = {Cubical Type Theory: {A} Constructive Interpretation of the Univalence
                  Axiom},
  booktitle    = {21st International Conference on Types for Proofs and Programs, {TYPES} 2015, May 18-21, 2015, Tallinn, Estonia},
  series       = {LIPIcs},
  volume       = {69},
  pages        = {5:1--5:34},
  publisher    = {Schloss Dagstuhl - Leibniz-Zentrum f{\"{u}}r Informatik},
  year         = {2015},
  url          = {https://doi.org/10.4230/LIPIcs.TYPES.2015.5},
  doi          = {10.4230/LIPIcs.TYPES.2015.5},
  timestamp    = {Tue, 11 Feb 2020 15:52:14 +0100},
  biburl       = {https://dblp.org/rec/conf/types/CohenCHM15.bib},
  bibsource    = {dblp computer science bibliography, https://dblp.org}
}

@book{manes-book,
  title={Algebraic theories},
  author={Manes, Ernest G},
  volume={26},
  year={2012},
  publisher={Springer Science \& Business Media},
  series={Graduate Texts in Mathematics},
}

@book{adamek-book,
place={Cambridge},
series={Cambridge Tracts in Mathematics},
title={Algebraic Theories: A Categorical Introduction to General Algebra},
DOI={10.1017/CBO9780511760754},
publisher={Cambridge University Press},
author={Adámek, J. and Rosický, J. and Vitale, E. M. and Lawvere, F. W.},
year={2010},
collection={Cambridge Tracts in Mathematics},
}

@misc{keml-diagrams,
    author = {Andreas Nuyts},
    title = {Understanding Universal Algebra Using {{Kleisli}}-{{Eilenberg}}-{{Moore}}-{{Lawvere}} Diagrams},
    year = {2022},
    howpublished = {Unpublished note},
    url = {https://anuyts.github.io/files/keml-diagrams.pdf},
}

@inproceedings{moggi-monads,
	author={Moggi, Eugenio},
	title={Computational lambda-calculus and monads},
	booktitle={4th annual symposium on logic in computer science},
	year={1989},
	publisher={IEEE Press},
	pages={14-23}
}

@article{eff,
  author       = {Andrej Bauer and
                  Matija Pretnar},
  title        = {Programming with Algebraic Effects and Handlers},
  journal      = {CoRR},
  volume       = {abs/1203.1539},
  year         = {2012},
  url          = {http://arxiv.org/abs/1203.1539},
  eprinttype    = {arXiv},
  eprint       = {1203.1539},
  timestamp    = {Mon, 13 Aug 2018 16:46:15 +0200},
  biburl       = {https://dblp.org/rec/journals/corr/abs-1203-1539.bib},
  bibsource    = {dblp computer science bibliography, https://dblp.org}
}

@article{riehl-shulman-dtt,
      ids = {shulman-riehl-directed},
   author = {{Riehl}, E. and {Shulman}, M.},
    title = "{A type theory for synthetic $\infty$-categories}",
  journal = {ArXiv e-prints},
archivePrefix = "arXiv",
   eprint = {1705.07442},
 primaryClass = "math.CT",
 keywords = {Mathematics - Category Theory, Mathematics - Logic, 03G30, 18G55, 55U40},
     year = 2017,
    month = may,
   adsurl = {http://adsabs.harvard.edu/abs/2017arXiv170507442R},
  adsnote = {Provided by the SAO/NASA Astrophysics Data System}
}

@inproceedings{reynolds,
  ids = {reynolds:1983},
  author = {Reynolds, John C.},
  booktitle = {IFIP Congress},
  date-ignore = {2002-01-03},
  interhash-ignore = {c3f40c3e8bb67eb3595eb337fec8404f},
  intrahash-ignore = {0315177f6cb9eeaebe44c85e3503d7d3},
  pages = {513-523},
  title = {Types, Abstraction and Parametric Polymorphism.},
  url-ignore = {http://dblp.uni-trier.de/db/conf/ifip/ifip83.html#Reynolds83},
  year = 1983
}

@unpublished{mtt,
	author = {Daniel Gratzer and Alex Kavvos and Andreas Nuyts and Lars Birkedal},
	title = {Type Theory \`a la Mode},
	year = {2020},
	note = {Pre-print},
	url = {https://anuyts.github.io/files/mtt-techreport.pdf}
}

@inproceedings{mtt-paper,
  author    = {Daniel Gratzer and
               G. A. Kavvos and
               Andreas Nuyts and
               Lars Birkedal},
  editor    = {Holger Hermanns and
               Lijun Zhang and
               Naoki Kobayashi and
               Dale Miller},
  title     = {Multimodal Dependent Type Theory},
  booktitle = {{LICS} '20: 35th Annual {ACM/IEEE} Symposium on Logic in Computer
               Science, Saarbr{\"{u}}cken, Germany, July 8-11, 2020},
  pages     = {492--506},
  publisher = {{ACM}},
  year      = {2020},
  url       = {https://lirias.kuleuven.be/retrieve/582083},
  doi       = {10.1145/3373718.3394736},
  timestamp = {Tue, 02 Jun 2020 17:19:31 +0200},
  biburl    = {https://dblp.org/rec/conf/lics/GratzerKNB20.bib},
  bibsource = {dblp computer science bibliography, https://dblp.org}
}

@article{mtt-journal,
  TITLE = {{Multimodal Dependent Type Theory}},
  AUTHOR = {Daniel Gratzer and G. A. Kavvos and Andreas Nuyts and Lars Birkedal},
  URL = {https://lmcs.episciences.org/7713},
  DOI = {10.46298/lmcs-17(3:11)2021},
  JOURNAL = {{Logical Methods in Computer Science}},
  VOLUME = {{Volume 17, Issue 3}},
  YEAR = {2021},
  MONTH = Jul,
  KEYWORDS = {Computer Science - Logic in Computer Science},
}

@inproceedings{abstract-natpt,
  title = {Higher Pro-arrows: {{Towards}} a Model for Naturality Pretype Theory},
  booktitle = {Workshop on {{Homotopy Type Theory}} / {{Univalent Foundations}}},
  url = {https://hott-uf.github.io/2023/HoTTUF_2023_paper_1410.pdf},
  author = {Nuyts, Andreas},
  year = {2023}
}

@inproceedings{theorems-for-free,
 author = {Wadler, Philip},
 title = {Theorems for Free!},
 booktitle = {FPCA '89},
 booktitle-ignore = {Proceedings of the Fourth International Conference on Functional Programming Languages and Computer Architecture},
 series-ignore = {FPCA '89},
 year = {1989},
 isbn = {0-89791-328-0},
 location = {Imperial College, London, United Kingdom},
 pages = {347--359},
 numpages = {13},
 url-ignore = {http://doi.acm.org/10.1145/99370.99404},
 doi = {10.1145/99370.99404},
 acmid-ignore = {99404},
 publisher = {ACM},
 address = {New York, NY, USA}
} 

@inproceedings{bm12,
  author       = {Jean{-}Philippe Bernardy and
                  Guilhem Moulin},
  title        = {A Computational Interpretation of Parametricity},
  booktitle    = {Proceedings of the 27th Annual {IEEE} Symposium on Logic in Computer
                  Science, {LICS} 2012, Dubrovnik, Croatia, June 25-28, 2012},
  pages        = {135--144},
  publisher    = {{IEEE} Computer Society},
  year         = {2012},
  url          = {https://doi.org/10.1109/LICS.2012.25},
  doi          = {10.1109/LICS.2012.25},
  timestamp    = {Fri, 24 Mar 2023 00:01:50 +0100},
  biburl       = {https://dblp.org/rec/conf/lics/BernardyM12.bib},
  bibsource    = {dblp computer science bibliography, https://dblp.org}
}

@article{bcm,
ids = {moulin:2015},
title = "A Presheaf Model of Parametric Type Theory",
journal = "Electron. Notes in Theor. Comput. Sci.",
volume = "319",
pages = "67 - 82",
year = "2015",
issn-ignore = "1571-0661",
doi = "http://dx.doi.org/10.1016/j.entcs.2015.12.006",
url-ignore = "http://www.sciencedirect.com/science/article/pii/S1571066115000730",
author = "Jean-Philippe Bernardy and Thierry Coquand and Guilhem Moulin",
keywords-ignore = "Parametricity",
keywords-ignore = "Presheaf semantics",
keywords-ignore = "Type theory"
}
@article{moulin-param3,
note-to-self-ignore = {USE bcm INSTEAD},
ids = {moulin:2015},
title = "A Presheaf Model of Parametric Type Theory",
journal = "Electron. Notes in Theor. Comput. Sci.",
volume = "319",
pages = "67 - 82",
year = "2015",
issn-ignore = "1571-0661",
doi = "http://dx.doi.org/10.1016/j.entcs.2015.12.006",
url-ignore = "http://www.sciencedirect.com/science/article/pii/S1571066115000730",
author = "Jean-Philippe Bernardy and Thierry Coquand and Guilhem Moulin",
keywords-ignore = "Parametricity",
keywords-ignore = "Presheaf semantics",
keywords-ignore = "Type theory"
}

@phdthesis{moulin,
	ids = {moulin:phd},
	author = {Moulin,Guilhem},
	title = {Internalizing Parametricity},
	school = {Chalmers University of Technology},
	year = {2016},
	type-ignore = {Licentiate's thesis},
	address = {Sweden},
	url = {publications.lib.chalmers.se/records/fulltext/235758/235758.pdf},
}

@inproceedings{internal-universes,
  ids = {licata:2018},
  author    = {Daniel R. Licata and
               Ian Orton and
               Andrew M. Pitts and
               Bas Spitters},
  title     = {Internal Universes in Models of Homotopy Type Theory},
  booktitle = {3rd International Conference on Formal Structures for Computation
               and Deduction, {FSCD} 2018, July 9-12, 2018, Oxford, {UK}},
  pages     = {22:1--22:17},
  year      = {2018},
  url       = {https://doi.org/10.4230/LIPIcs.FSCD.2018.22},
  doi       = {10.4230/LIPIcs.FSCD.2018.22},
  timestamp = {Thu, 23 Aug 2018 15:56:40 +0200},
  biburl    = {https://dblp.org/rec/bib/conf/rta/LicataOPS18},
  bibsource = {dblp computer science bibliography, https://dblp.org}
}

@article{transpension,
  TITLE = {{Transpension: The Right Adjoint to the {Pi}-type}},
  AUTHOR = {Andreas Nuyts and Dominique Devriese},
  URL = {https://lmcs.episciences.org/13798},
  DOI = {10.46298/lmcs-20(2:16)2024},
  JOURNAL = {{Logical Methods in Computer Science}},
  VOLUME = {{Volume 20, Issue 2}},
  YEAR = {2024},
  MONTH = Jun,
  KEYWORDS = {Computer Science - Logic in Computer Science},
}

@misc{transpension-techreport,
  author       = {Andreas Nuyts},
  title        = {The Transpension Type: Technical Report},
  journal      = {CoRR},
  volume       = {abs/2008.08530},
  year         = {2020},
  url          = {https://arxiv.org/abs/2008.08530},
  eprinttype    = {arXiv},
  eprint       = {2008.08530},
  timestamp    = {Fri, 21 Aug 2020 15:05:50 +0200},
  biburl       = {https://dblp.org/rec/journals/corr/abs-2008-08530.bib},
  bibsource    = {dblp computer science bibliography, https://dblp.org}
}

@misc{menkar,
  author =       {Nuyts, Andreas},
  title =        {Menkar},
  year =         2019,
  publisher =    {GitHub},
  journal =      {GitHub repository},
  howpublished = {\url{https://github.com/anuyts/menkar}},
}

@article{aacmm21,
  author    = {Guillaume Allais and
               Robert Atkey and
               James Chapman and
               Conor McBride and
               James McKinna},
  title     = {A type- and scope-safe universe of syntaxes with binding: their semantics
               and proofs},
  journal   = {J. Funct. Program.},
  volume    = {31},
  pages     = {e22},
  year      = {2021},
  url       = {https://doi.org/10.1017/S0956796820000076},
  doi       = {10.1017/S0956796820000076},
  timestamp = {Fri, 21 Jan 2022 22:01:15 +0100},
  biburl    = {https://dblp.org/rec/journals/jfp/AllaisACMM21.bib},
  bibsource = {dblp computer science bibliography, https://dblp.org}
}

@article{fs22,
  author    = {Marcelo Fiore and
               Dmitrij Szamozvancev},
  title     = {Formal metatheory of second-order abstract syntax},
  journal   = {Proc. {ACM} Program. Lang.},
  volume    = {6},
  number    = {{POPL}},
  pages     = {1--29},
  year      = {2022},
  url       = {https://doi.org/10.1145/3498715},
  doi       = {10.1145/3498715},
  timestamp = {Mon, 14 Feb 2022 17:12:43 +0100},
  biburl    = {https://dblp.org/rec/journals/pacmpl/FioreS22.bib},
  bibsource = {dblp computer science bibliography, https://dblp.org}
}

@phdthesis{kovacs-phd,
  title={Type-Theoretic Signatures for Algebraic Theories and Inductive Types},
  author={Kov{\'a}cs, Andr{\'a}s},
  year={2022},
  school={E{\"o}tv{\"o}s Lor{\'a}nd University},
  address={Budapest, Hungary},
  url={https://andraskovacs.github.io/pdfs/phdthesis_compact.pdf},
}

@inproceedings{abstract-cmat,
  title = {Contextual Algebraic Theories: Generic Boilerplate beyond Abstraction (Extended Abstract)},
  booktitle = {Workshop on Type-Driven Development (TyDe)},
  url = {https://lirias.kuleuven.be/retrieve/715615},
  author = {Nuyts, Andreas},
  month = {9},
  year = {2022},
}

@inproceedings{sikkel,
  author    = {Joris Ceulemans and
               Andreas Nuyts and
               Dominique Devriese},
  editor    = {Jeremy Gibbons and
               Max S. New},
  title     = {Sikkel: Multimode Simple Type Theory as an Agda Library},
  booktitle = {Proceedings Ninth Workshop on Mathematically Structured Functional
               Programming, MSFP@ETAPS 2022, Munich, Germany, 2nd April 2022},
  series    = {{EPTCS}},
  volume    = {360},
  pages     = {93--112},
  year      = {2022},
  url       = {https://doi.org/10.4204/EPTCS.360.5},
  doi       = {10.4204/EPTCS.360.5},
  timestamp = {Sun, 02 Oct 2022 15:32:48 +0200},
  biburl    = {https://dblp.org/rec/journals/corr/abs-2207-00843.bib},
  bibsource = {dblp computer science bibliography, https://dblp.org}
}

@InProceedings{model-cubical,
  note-to-self-ignore = {USE bch INSTEAD},
  author =	{Marc Bezem and Thierry Coquand and Simon Huber},
  title =	{{A Model of Type Theory in Cubical Sets}},
  booktitle =	{19th International Conference on Types for Proofs and Programs (TYPES 2013)},
  pages =	{107--128},
  series-ignore =	{Leibniz International Proceedings in Informatics (LIPIcs)},
  ISBN =	{978-3-939897-72-9},
  ISSN =	{1868-8969},
  year =	{2014},
  volume =	{26},
  editor-ignore =	{Ralph Matthes and Aleksy Schubert},
  publisher-ignore =	{Schloss Dagstuhl--Leibniz-Zentrum fuer Informatik},
  address =	{Dagstuhl, Germany},
  URL =		{http://drops.dagstuhl.de/opus/volltexte/2014/4628},
  URN =		{urn:nbn:de:0030-drops-46284},
  doi =		{10.4230/LIPIcs.TYPES.2013.107},
  annote-ignore =	{Keywords: Models of dependent type theory, cubical sets, Univalent Foundations}
}

@InProceedings{cartesian-cubical-tt,
  ids =         {angiuli:2018},
  author =	{Carlo Angiuli and Kuen-Bang {Hou (Favonia)} and Robert Harper},
  title =	{{Cartesian Cubical Computational Type Theory: Constructive Reasoning with Paths and Equalities}},
  booktitle =	{Computer Science Logic  (CSL 2018)},
  pages =	{6:1--6:17},
  series =	{LIPIcs},
  ISBN =	{978-3-95977-088-0},
  ISSN =	{1868-8969},
  year =	{2018},
  volume =	{119},
  editor =	{Dan Ghica and Achim Jung},
  publisher =	{Schloss Dagstuhl--Leibniz-Zentrum fuer Informatik},
  address =	{Dagstuhl, Germany},
  URL =		{http://drops.dagstuhl.de/opus/volltexte/2018/9673},
  URN =		{urn:nbn:de:0030-drops-96734},
  doi =		{10.4230/LIPIcs.CSL.2018.6},
  annote =	{Keywords: Homotopy Type Theory, Two-Level Type Theory, Computational Type Theory, Cubical Sets}
}

@misc{2ltt,
  doi = {10.48550/ARXIV.1705.03307},
  url = {https://arxiv.org/abs/1705.03307},
  author = {Annenkov, Danil and Capriotti, Paolo and Kraus, Nicolai and Sattler, Christian},
  keywords = {Logic in Computer Science (cs.LO), FOS: Computer and information sciences, FOS: Computer and information sciences, F.4.1, F.4.1},
  title = {Two-Level Type Theory and Applications},
  publisher = {arXiv},
  year = {2017},
  copyright = {arXiv.org perpetual, non-exclusive license}
}

@inproceedings{abstract-relyoneda,
  title = {Lax-Idempotent 2-Monads, Degrees of Relatedness, and Multilevel Type Theory},
  booktitle = {29th International Conference on Types for Proofs and Programs (TYPES)},
  author = {Nuyts, Andreas},
  year = {2023},
  month = {6},
  url = {https://lirias.kuleuven.be/retrieve/720871},
}

@inproceedings{abstract-mtt-lc,
  title = {A Lock Calculus for Multimode Type Theory},
  booktitle = {29th International Conference on Types for Proofs and Programs (TYPES)},
  author = {Nuyts, Andreas},
  year = {2023},
  month = {6},
  url = {https://lirias.kuleuven.be/retrieve/720873},
}

@inproceedings{abstract-agda-polarities,
  title = {Read the Mode and Stay Positive},
  booktitle = {29th International Conference on Types for Proofs and Programs (TYPES)},
  author = {Poiret, Josselin and Escot, Lucas and Ceulemans, Joris and Altenmüller, Malin and Nuyts, Andreas},
  year = {2023},
  month = {6},
  url = {https://lirias.kuleuven.be/retrieve/720869},
}

@phdthesis{gat-phd,
  author =       {Cartmell, John},
  institution =  {Oxford University},
  year =         1978,
  title =        {Generalised Algebraic Theories and Contextual Categories},
}

@article{gat,
  ids       = {cartmell:1978},
  author    = {John Cartmell},
  title     = {Generalised algebraic theories and contextual categories},
  journal   = {Ann. Pure Appl. Logic},
  volume    = {32},
  pages     = {209--243},
  year      = {1986},
  url       = {https://doi.org/10.1016/0168-0072(86)90053-9},
  doi       = {10.1016/0168-0072(86)90053-9},
  timestamp = {Wed, 17 May 2017 14:25:57 +0200},
  biburl    = {https://dblp.org/rec/journals/apal/Cartmell86.bib},
  bibsource = {dblp computer science bibliography, https://dblp.org}
}

@inproceedings{abstract-menkar,
  title = {Menkar: Towards a Multimode Presheaf Proof Assistant},
  booktitle = {TYPES},
  author = {Nuyts, Andreas and Devriese, Dominique},
  year = {2019},
  url = {https://lirias.kuleuven.be/retrieve/540874},
}

@inproceedings{abstract-agda-bridges,
  title = {Extending Cubical Agda with Internal Parametricity},
  booktitle = {28th International Conference on Types for Proofs and Programs (TYPES)},
  author = {Van Muylder, Antoine and Vezzosi, Andrea and Nuyts, Andreas and Devriese, Dominique},
  year = {2022},
  month = {6},
  url = {https://types22.inria.fr/files/2022/06/TYPES_2022_paper_10.pdf},
}

@article{interpreters-alacarte,
author = {van der Rest, Cas and Poulsen, Casper Bach and Rouvoet, Arjen and Visser, Eelco and Mosses, Peter},
title = {Intrinsically-Typed Definitional Interpreters \`{a} La Carte},
year = {2022},
issue_date = {October 2022},
publisher = {Association for Computing Machinery},
address = {New York, NY, USA},
volume = {6},
number = {OOPSLA2},
url = {https://doi.org/10.1145/3563355},
doi = {10.1145/3563355},
journal = {Proc. ACM Program. Lang.},
month = {oct},
articleno = {192},
numpages = {30},
keywords = {Reuse, Modularity, Dependently Typed Programming, Type Safety, Definitional Interpreters}
}

@inproceedings{ch-conf,
  author    = {Evan Cavallo and
               Robert Harper},
  title     = {Internal Parametricity for Cubical Type Theory},
  booktitle = {28th {EACSL} Annual Conference on Computer Science Logic, {CSL} 2020,
               January 13-16, 2020, Barcelona, Spain},
  pages     = {13:1--13:17},
  year      = {2020},
  crossref-ignore  = {DBLP:conf/csl/2020},
  url       = {https://doi.org/10.4230/LIPIcs.CSL.2020.13},
  doi       = {10.4230/LIPIcs.CSL.2020.13},
  timestamp = {Mon, 06 Jan 2020 17:16:01 +0100},
  biburl    = {https://dblp.org/rec/bib/conf/csl/Cavallo020},
  bibsource = {dblp computer science bibliography, https://dblp.org}
}

@article{ch-journal,
  author       = {Evan Cavallo and
                  Robert Harper},
  title        = {Internal Parametricity for Cubical Type Theory},
  journal      = {Log. Methods Comput. Sci.},
  volume       = {17},
  number       = {4},
  year         = {2021},
  url          = {https://doi.org/10.46298/lmcs-17(4:5)2021},
  doi          = {10.46298/lmcs-17(4:5)2021},
  timestamp    = {Mon, 26 Jun 2023 20:57:27 +0200},
  biburl       = {https://dblp.org/rec/journals/lmcs/CavalloH21.bib},
  bibsource    = {dblp computer science bibliography, https://dblp.org}
}

@inproceedings{how-to-do-proofs,
  author    = {Koen Jacobs and
               Andreas Nuyts and
               Dominique Devriese},
  editor    = {David Darais and
               Jeremy Gibbons},
  title     = {How to do proofs: practically proving properties about effectful programs'
               results (functional pearl)},
  booktitle = {Proceedings of TyDe@ICFP 2019, Berlin, Germany, August 18, 2019},
  pages     = {1--13},
  publisher = {{ACM}},
  year      = {2019},
  url       = {https://lirias.kuleuven.be/retrieve/635336},
  doi       = {10.1145/3331554.3342603},
  timestamp = {Wed, 25 Sep 2019 18:05:13 +0200},
  biburl    = {https://dblp.org/rec/conf/icfp/JacobsND19.bib},
  bibsource = {dblp computer science bibliography, https://dblp.org}
}

@InProceedings{bch,
  author =	{Marc Bezem and Thierry Coquand and Simon Huber},
  title =	{{A Model of Type Theory in Cubical Sets}},
  booktitle =	{19th International Conference on Types for Proofs and Programs (TYPES 2013)},
  pages =	{107--128},
  series-ignore =	{Leibniz International Proceedings in Informatics (LIPIcs)},
  ISBN =	{978-3-939897-72-9},
  ISSN =	{1868-8969},
  year =	{2014},
  volume =	{26},
  editor-ignore =	{Ralph Matthes and Aleksy Schubert},
  publisher-ignore =	{Schloss Dagstuhl--Leibniz-Zentrum fuer Informatik},
  address =	{Dagstuhl, Germany},
  URL =		{http://drops.dagstuhl.de/opus/volltexte/2014/4628},
  URN =		{urn:nbn:de:0030-drops-46284},
  doi =		{10.4230/LIPIcs.TYPES.2013.107},
  annote-ignore =	{Keywords: Models of dependent type theory, cubical sets, Univalent Foundations}
}

@inproceedings{reldtt,
  ids   = {nuyts:2018},
  author    = {Andreas Nuyts and
               Dominique Devriese},
  title     = {Degrees of Relatedness: {A} Unified Framework for Parametricity, Irrelevance,
               Ad Hoc Polymorphism, Intersections, Unions and Algebra in Dependent
               Type Theory},
  booktitle = {Logic in Computer
               Science (LICS) 2018, Oxford, UK, July 09-12, 2018},
  pages     = {779--788},
  year      = {2018},
  url       = {https://lirias.kuleuven.be/retrieve/510956},
  doi       = {10.1145/3209108.3209119},
  timestamp = {Wed, 25 Sep 2019 18:03:36 +0200},
  biburl    = {https://dblp.org/rec/bib/conf/lics/NuytsD18},
  bibsource = {dblp computer science bibliography, https://dblp.org}
}

@article{reldtt-techreport,
  ids       = {nuyts:tech-report:2018},
  author    = {Andreas Nuyts},
  title     = {Presheaf Models of Relational Modalities in Dependent Type Theory},
  journal   = {CoRR},
  volume    = {abs/1805.08684},
  year      = {2018},
  url-ignore       = {http://arxiv.org/abs/1805.08684},
  archivePrefix = {arXiv},
  eprint    = {1805.08684},
  timestamp = {Mon, 13 Aug 2018 16:48:31 +0200},
  biburl    = {https://dblp.org/rec/bib/journals/corr/abs-1805-08684},
  bibsource = {dblp computer science bibliography, https://dblp.org}
}

@inbook{curry-howard,
	title={The formulae-as-types notion of construction},
	author={Howard, William A.},
	booktitle={To H.B. Curry: Essays on Combinatory Logic, Lambda Calculus and Formalism},
	pages={479-490},
	year={1980},
	publisher={Academic press},
	note={Original manuscript from 1969},
}

@inproceedings{ML82,
	title={Constructive mathematics and computer programming},
	author={Martin-L\"of, Per},
	booktitle	= "Logic, Methodology and Philosophy of Science VI",
	pages		= "153-175",
	year		= "1982",
}

@incollection{ML84,
  title={Intuitionistic type theory},
  booktitle={Studies in proof theory},
  author={Martin-L\"of, Per},
  publisher={Bibliopolis},
  year={1984}
}

@incollection{ML98,
	title={An intuitionistic theory of types},
	author={Martin-L\"of, Per},
	booktitle= "Twenty-five years of constructive type theory",
	publisher= "Oxford University Press",
	year	= "1998",
	pages = {127-172}
}

@mastersthesis{streicherK,
	author		= "Streicher,Thomas",
	title		= "Investigations into intensional type theory",
	school		= {Ludwig-Maximilians-Universit\"at M\"unchen},
	year		= "1993",
	type		= {Habilitationsschrift}
}

@misc{univalence,
      title={The Simplicial Model of Univalent Foundations (after Voevodsky)}, 
      author={Chris Kapulkin and Peter LeFanu Lumsdaine},
      year={2018},
      eprint={1211.2851},
      archivePrefix={arXiv},
      primaryClass={math.LO}
}

@article{paramdtt,
  ids   = {nuyts:2017},
  author    = {Andreas Nuyts and
               Andrea Vezzosi and
               Dominique Devriese},
  title     = {Parametric quantifiers for dependent type theory},
  journal   = {{PACMPL}},
  volume    = {1},
  number    = {{ICFP}},
  pages     = {32:1--32:29},
  year      = {2017},
  url       = {https://lirias.kuleuven.be/retrieve/464974},
  doi       = {10.1145/3110276},
  timestamp = {Mon, 06 Nov 2017 12:13:36 +0100},
  biburl    = {http://dblp.org/rec/bib/journals/pacmpl/NuytsVD17},
  bibsource = {dblp computer science bibliography, http://dblp.org}
}

@techreport{paramdtt-techreport,
    author    = "Andreas Nuyts",
    address	 = "Belgium",
    title     = "A Model of Parametric Dependent Type Theory in Bridge/Path Cubical Sets",
    institution = "KU Leuven",
    year      = "2017",
    url       = "https://arxiv.org/abs/1706.04383",
    note      = {Subsumed in \cite{reldtt-techreport}.}
}

@inproceedings{acks24-accepted,
  ignore = {use acks24 instead!},
  title = {Internal parametricity, without an interval},
  booktitle = {To appear in: Proceedings of the 51st Annual ACM SIGPLAN-SIGACT Symposium on Principles of Programming Languages, POPL 2024},
  author = {Thorsten Altenkirch and Yorgo Chamoun and Ambrus Kaposi and Michael Shulman},
  year = {2024},
  publisher = {{ACM}},
}
@article{acks24,
  author       = {Thorsten Altenkirch and
                  Yorgo Chamoun and
                  Ambrus Kaposi and
                  Michael Shulman},
  title        = {Internal Parametricity, without an Interval},
  journal      = {Proc. {ACM} Program. Lang.},
  volume       = {8},
  number       = {{POPL}},
  pages        = {2340--2369},
  year         = {2024},
  url          = {https://doi.org/10.1145/3632920},
  doi          = {10.1145/3632920},
  timestamp    = {Sat, 10 Feb 2024 18:05:27 +0100},
  biburl       = {https://dblp.org/rec/journals/pacmpl/AltenkirchCKS24.bib},
  bibsource    = {dblp computer science bibliography, https://dblp.org}
}

@inproceedings{bridgy-accepted,
  ignore = {USE bridgy INSTEAD},
  title = {	Internal and Observational Parametricity for Cubical Agda},
  booktitle = {To appear in: Proceedings of the 51st Annual ACM SIGPLAN-SIGACT Symposium on Principles of Programming Languages, POPL 2024},
  author = {Van Muylder, Antoine and Nuyts, Andreas and Devriese, Dominique},
  year = {2024},
  publisher = {{ACM}},
}
@article{bridgy,
author = {Van Muylder, Antoine and Nuyts, Andreas and Devriese, Dominique},
title = {Internal and Observational Parametricity for Cubical Agda},
year = {2024},
issue_date = {January 2024},
publisher = {Association for Computing Machinery},
address = {New York, NY, USA},
volume = {8},
number = {POPL},
url = {https://lirias.kuleuven.be/retrieve/741116},
doi = {10.1145/3632850},
journal = {Proc. ACM Program. Lang.},
month = {jan},
articleno = {8},
numpages = {32},
keywords = {Agda, cubical type theory, parametricity, structure relatedness principle}
}

@phdthesis{nuyts-phd,
  author	= {Andreas Nuyts},
  month		= {8},
  year		= {2020},
  school	= {KU Leuven},
  address	= {Belgium},
  title		= {Contributions to Multimode and Presheaf Type Theory},
  url		= {https://lirias.kuleuven.be/3065223},
}

@InProceedings{fomega-parametricity,
  ids = {atkey:2012},
  title = {Relational Parametricity for Higher Kinds},
  author = {Robert Atkey},
  year = {2012},
  doi = {10.4230/LIPIcs.CSL.2012.46},
  booktitle = {Computer Science Logic (CSL'12) - 26th International Workshop/21st Annual Conference of the EACSL},
  series = {Leibniz International Proceedings in Informatics (LIPIcs)},
  editor-ignore = {Patrick C\'{e}gielski and Arnaud Durand},
  pages = {46--61},
  volume = {16}
}

@InProceedings{dtt-parametricity,
  ids = {atkey:2014},
  title = {A Relationally Parametric Model of Dependent Type Theory},
  author = {Robert Atkey and Neil Ghani and Patricia Johann},
  year = {2014},
  doi = {10.1145/2535838.2535852},
  booktitle = {Principles of Programming Languages}
}

@mastersthesis{mathesis,
	title={Towards a Directed Homotopy Type Theory based on 4 Kinds of Variance},
	author={Nuyts, Andreas},
	year={2015},
	school={KU Leuven},
	address={Belgium},
	type={Master's thesis},
	url={https://anuyts.github.io/files/mathesis.pdf},
}

@inproceedings{weaver-licata-dua,
  author    = {Matthew Z. Weaver and
               Daniel R. Licata},
  editor    = {Holger Hermanns and
               Lijun Zhang and
               Naoki Kobayashi and
               Dale Miller},
  title     = {A Constructive Model of Directed Univalence in Bicubical Sets},
  booktitle = {{LICS} '20: 35th Annual {ACM/IEEE} Symposium on Logic in Computer
               Science, Saarbr{\"{u}}cken, Germany, July 8-11, 2020},
  pages     = {915--928},
  publisher = {{ACM}},
  year      = {2020},
  url       = {https://doi.org/10.1145/3373718.3394794},
  doi       = {10.1145/3373718.3394794},
  timestamp = {Tue, 02 Jun 2020 17:19:31 +0200},
  biburl    = {https://dblp.org/rec/conf/lics/WeaverL20.bib},
  bibsource = {dblp computer science bibliography, https://dblp.org}
}

@article{2dtt,
  author    = {Daniel R. Licata and
               Robert Harper},
  title     = {2-Dimensional Directed Type Theory},
  journal   = {Electr. Notes Theor. Comput. Sci.},
  volume    = {276},
  pages     = {263--289},
  year      = {2011},
  url       = {https://doi.org/10.1016/j.entcs.2011.09.026},
  doi       = {10.1016/j.entcs.2011.09.026},
  timestamp = {Sun, 28 May 2017 13:22:57 +0200},
  biburl    = {http://dblp.org/rec/bib/journals/entcs/LicataH11},
  bibsource = {dblp computer science bibliography, http://dblp.org}
}

@inproceedings{compr-bicat,
  author       = {Benedikt Ahrens and
                  Paige Randall North and
                  Niels van der Weide},
  editor       = {Christel Baier and
                  Dana Fisman},
  title        = {Semantics for two-dimensional type theory},
  booktitle    = {{LICS} '22: 37th Annual {ACM/IEEE} Symposium on Logic in Computer
                  Science, Haifa, Israel, August 2 - 5, 2022},
  pages        = {12:1--12:14},
  publisher    = {{ACM}},
  year         = {2022},
  url          = {https://doi.org/10.1145/3531130.3533334},
  doi          = {10.1145/3531130.3533334},
  timestamp    = {Tue, 21 Mar 2023 20:59:24 +0100},
  biburl       = {https://dblp.org/rec/conf/lics/AhrensNW22.bib},
  bibsource    = {dblp computer science bibliography, https://dblp.org}
}

@inproceedings{north-dirhott,
  author       = {Paige Randall North},
  editor       = {Barbara K{\"{o}}nig},
  title        = {Towards a Directed Homotopy Type Theory},
  booktitle    = {Proceedings of the Thirty-Fifth Conference on the Mathematical Foundations
                  of Programming Semantics, {MFPS} 2019, London, UK, June 4-7, 2019},
  series       = {Electronic Notes in Theoretical Computer Science},
  volume       = {347},
  pages        = {223--239},
  publisher    = {Elsevier},
  year         = {2019},
  url          = {https://doi.org/10.1016/j.entcs.2019.09.012},
  doi          = {10.1016/J.ENTCS.2019.09.012},
  timestamp    = {Tue, 16 Aug 2022 23:07:14 +0200},
  biburl       = {https://dblp.org/rec/journals/entcs/North19.bib},
  bibsource    = {dblp computer science bibliography, https://dblp.org}
}

@phdthesis{saville-phd,
      title={Cartesian closed bicategories: type theory and coherence}, 
      author={Philip Saville},
      year={2020},
      month={10},
      school={University of Cambridge},
      address={UK},
      eprint={2007.00624},
      archivePrefix={arXiv},
      primaryClass={math.CT}
}

@article{abel-polarized,
  ids       = {abel:2008},
  author    = {Andreas Abel},
  title     = {Polarised subtyping for sized types},
  journal   = {Mathematical Structures in Computer Science},
  volume    = {18},
  number    = {5},
  pages     = {797--822},
  year      = {2008},
  url       = {https://doi.org/10.1017/S0960129508006853},
  doi       = {10.1017/S0960129508006853},
  timestamp = {Sun, 28 May 2017 13:25:37 +0200},
  biburl    = {http://dblp.uni-trier.de/rec/bib/journals/mscs/Abel08},
  bibsource = {dblp computer science bibliography, http://dblp.org}
} 

@Inbook{Hofmann97,
    author = {Martin Hofmann},
    title = {Syntax and Semantics of Dependent Types},
    booktitle = {Semantics and Logics of Computation},
    year = {1997},
    pages = {79--130},
    publisher = {Cambridge University Press}
}

@MISC{psh-universes,
    ids = {hofmann-streicher:1997},
    author = {Martin Hofmann and Thomas Streicher},
    title = {Lifting Grothendieck Universes},
    year = {1997},
    howpublished = {Unpublished note},
    url = {https://www2.mathematik.tu-darmstadt.de/~streicher/NOTES/lift.pdf},
}

@InProceedings{cubical-unifying,
  author =	{Evan Cavallo and Anders M{\"o}rtberg and Andrew W Swan},
  title =	{{Unifying Cubical Models of Univalent Type Theory}},
  booktitle =	{Computer Science Logic (CSL 2020)},
  pages =	{14:1--14:17},
  series =	{LIPIcs},
  ISBN =	{978-3-95977-132-0},
  ISSN =	{1868-8969},
  year =	{2020},
  volume =	{152},
  editor =	{Maribel Fern{\'a}ndez and Anca Muscholl},
  publisher =	{Schloss Dagstuhl--Leibniz-Zentrum fuer Informatik},
  address =	{Dagstuhl, Germany},
  URL =		{https://drops.dagstuhl.de/opus/volltexte/2020/11657},
  URN =		{urn:nbn:de:0030-drops-116578},
  doi =		{10.4230/LIPIcs.CSL.2020.14},
  annote =	{Keywords: Cubical Set Models, Cubical Type Theory, Homotopy Type Theory, Univalent Foundations}
}

@article{orton-pitts-axioms,
  author    = {Ian Orton and Andrew M. Pitts},
  title     = {Axioms for Modelling Cubical Type Theory in a Topos},
  journal   = {Logical Methods in Computer Science},
  volume    = {14},
  number    = {4},
  year      = {2018},
  url       = {https://doi.org/10.23638/LMCS-14(4:23)2018},
  doi       = {10.23638/LMCS-14(4:23)2018},
  timestamp = {Fri, 04 Jan 2019 16:27:27 +0100},
  biburl    = {https://dblp.org/rec/bib/journals/lmcs/OrtonP18},
  bibsource = {dblp computer science bibliography, https://dblp.org}
}

@article{guarded-cubical,
author={Birkedal, Lars and Bizjak, Ale{\v{s}} and Clouston, Ranald
and Grathwohl, Hans Bugge
and Spitters, Bas
and Vezzosi, Andrea},
title="Guarded Cubical Type Theory",
journal="Journal of Automated Reasoning",
year="2019",
month="8",
day="01",
volume="63",
number="2",
pages="211--253",
issn="1573-0670",
doi="10.1007/s10817-018-9471-7",
url="https://doi.org/10.1007/s10817-018-9471-7",
}

@article{clock-cat,
  author       = {Ales Bizjak and
                  Rasmus Ejlers M{\o}gelberg},
  title        = {Denotational semantics for guarded dependent type theory},
  journal      = {Math. Struct. Comput. Sci.},
  volume       = {30},
  number       = {4},
  pages        = {342--378},
  year         = {2020},
  url          = {https://doi.org/10.1017/S0960129520000080},
  doi          = {10.1017/S0960129520000080},
  timestamp    = {Wed, 15 Jul 2020 09:06:54 +0200},
  biburl       = {https://dblp.org/rec/journals/mscs/BizjakM20.bib},
  bibsource    = {dblp computer science bibliography, https://dblp.org}
}

@article{nwfs,
  title={Natural weak factorization systems},
  author={Grandis, Marco and Tholen, Walter},
  journal={Archivum Mathematicum},
  volume={42},
  number={4},
  year={2006},
  url={http://www.math.yorku.ca/~tholen/Natwfs.pdf},
}

@article{freshmltt,
title = "A Dependent Type Theory with Abstractable Names",
journal = "Electronic Notes in Theoretical Computer Science",
volume = "312",
pages = "19 - 50",
year = "2015",
note = "Ninth Workshop on Logical and Semantic Frameworks, with Applications (LSFA 2014)",
issn = "1571-0661",
doi = "https://doi.org/10.1016/j.entcs.2015.04.003",
url = "http://www.sciencedirect.com/science/article/pii/S1571066115000079",
author = "Andrew M. Pitts and Justus Matthiesen and Jasper Derikx",
}

@inproceedings{abstract-atomicity,
  title = {Dependable Atomicity in Type Theory},
  booktitle = {TYPES},
  author = {Nuyts, Andreas and Devriese, Dominique},
  year = {2019},
  url = {https://lirias.kuleuven.be/retrieve/540872},
}

@Article{abel-scherer-irrelevance,
  ids = {abel:2012},
  author	= {Andreas Abel and Gabriel Scherer},
  title		= {On Irrelevance and Algorithmic Equality in Predicative
		  Type Theory},
  journal	= "lmcs",
  volume	= 8,
  number	= 1,
  year		= 2012,
  pages		= {1--36},
  note		= {TYPES'10 special issue.},
  doi		= {http://dx.doi.org/10.2168/LMCS-8(1:29)2012},
  bibsource	= {DBLP, http://dblp.uni-trier.de}
}

@article{abel-nbe-sized,
 author = {Abel, Andreas and Vezzosi, Andrea and Winterhalter, Theo},
 title = {Normalization by Evaluation for Sized Dependent Types},
 journal = {Proc. ACM Program. Lang.},
 issue_date = {September 2017},
 volume = {1},
 number = {ICFP},
 month = aug,
 year = {2017},
 issn = {2475-1421},
 pages = {33:1--33:30},
 articleno = {33},
 numpages = {30},
 url = {http://doi.acm.org/10.1145/3110277},
 doi = {10.1145/3110277},
 acmid = {3110277},
 publisher = {ACM},
 address = {New York, NY, USA},
 keywords = {dependent types, eta-equality, normalization-by-evaluation, proof irrelevance, sized types, subtyping, universes}
}

@Inbook{adjoint-logic,
ids={licata:2016},
author="Licata, Daniel R.
and Shulman, Michael",
editor-ignore="Artemov, Sergei
and Nerode, Anil",
title="Adjoint Logic with a 2-Category of Modes",
bookTitle="Logical Foundations of Computer Science: International Symposium, LFCS 2016, Deerfield Beach, FL, USA, January 4-7, 2016. Proceedings",
year="2016",
publisher="Springer International Publishing",
address-ignore="Cham",
pages="219--235",
isbn="978-3-319-27683-0",
doi="10.1007/978-3-319-27683-0_16",
url-ignore="http://dx.doi.org/10.1007/978-3-319-27683-0_16"
}

@misc{nlab:lax-idempotent-adjunction,
  author = {{nLab authors}},
  title = {lax-idempotent 2-adjunction},
  howpublished = {\url{https://ncatlab.org/nlab/show/lax-idempotent+2-adjunction}},
  note = {{Revision 7}},
  month = mar,
  year = 2023
}

@misc{nlab:lax-idempotent-monad,
  author = {{nLab authors}},
  title = {lax-idempotent 2-monad},
  howpublished = {\url{https://ncatlab.org/nlab/show/lax-idempotent+2-monad}},
  note = {{Revision 27}},
  month = mar,
  year = 2023
}

@article{kock-lax-idempotent,
  title={Monads for which structures are adjoint to units},
  author={Kock, Anders},
  journal={Journal of Pure and Applied Algebra},
  volume={104},
  number={1},
  pages={41--59},
  year={1995},
  publisher={Elsevier}
}

@article{tamsamani,
  title={Sur des notions de n-categorie et n-groupoide non strictes via des ensembles multi-simpliciaux (On the notions of a nonstrict n-category and n-groupoid via multisimplicial sets)},
  author={Tamsamani, Zouhair},
  journal={K-theory},
  volume={16},
  number={1},
  pages={51--99},
  year={1999},
  publisher={Springer Science+ Business Media BV, Formerly Kluwer Academic Publishers BV}
}

@misc{simpson,
      title={Limits in $n$-categories}, 
      author={Carlos Simpson},
      year={1997},
      eprint={alg-geom/9708010},
      archivePrefix={arXiv},
      primaryClass={alg-geom}
}

@unpublished {cheng-lauda,
      AUTHOR = {Eugenia Cheng and Aaron Lauda},
      TITLE = {Higher-Dimensional Categories: an illustrated guide book},
      URL = {http://eugeniacheng.com/guidebook/},
      YEAR  =  {2004}
}

@article{sogat-uemura,
  author       = {Taichi Uemura},
  title        = {A General Framework for the Semantics of Type Theory},
  journal      = {CoRR},
  volume       = {abs/1904.04097},
  year         = {2019},
  url          = {http://arxiv.org/abs/1904.04097},
  eprinttype    = {arXiv},
  eprint       = {1904.04097},
  timestamp    = {Thu, 14 Oct 2021 09:15:56 +0200},
  biburl       = {https://dblp.org/rec/journals/corr/abs-1904-04097.bib},
  bibsource    = {dblp computer science bibliography, https://dblp.org}
}

@article{constructing-qiits,
  author       = {Ambrus Kaposi and
                  Andr{\'{a}}s Kov{\'{a}}cs and
                  Thorsten Altenkirch},
  title        = {Constructing quotient inductive-inductive types},
  journal      = {Proc. {ACM} Program. Lang.},
  volume       = {3},
  number       = {{POPL}},
  pages        = {2:1--2:24},
  year         = {2019},
  url          = {https://doi.org/10.1145/3290315},
  doi          = {10.1145/3290315},
  timestamp    = {Sat, 09 Apr 2022 12:20:49 +0200},
  biburl       = {https://dblp.org/rec/journals/pacmpl/KaposiKA19.bib},
  bibsource    = {dblp computer science bibliography, https://dblp.org}
}

@unpublished{boulier-tabareau,
  TITLE = {{Model structure on the universe in a two level type theory}},
  AUTHOR = {Boulier, Simon and Tabareau, Nicolas},
  URL = {https://hal.archives-ouvertes.fr/hal-01579822},
  NOTE = {Working paper or preprint},
  YEAR = {2017},
  KEYWORDS = {HoTT ; Homotopy Type System ; model category ; simplicial set ; Coq},
  PDF = {https://hal.archives-ouvertes.fr/hal-01579822/file/main.pdf},
  HAL_ID = {hal-01579822},
  HAL_VERSION = {v1},
}

@phdthesis{huber-phd,
	author = {Huber,Simon},
	title = {Cubical Interpretations of Type Theory},
	school = {University of Gothenburg},
	year = {2016},
	address = {Sweden},
	url = {https://gupea.ub.gu.se/handle/2077/48890},
}

@inproceedings{pfenning-intensionality,
  ids = {pfenning:2001},
  author    = {Frank Pfenning},
  title     = {Intensionality, Extensionality, and Proof Irrelevance in Modal Type
               Theory},
  booktitle = {LICS '01},
  booktitle-ignore = {16th Annual {IEEE} Symposium on Logic in Computer Science, Boston,
               Massachusetts, USA, June 16-19, 2001, Proceedings},
  pages     = {221--230},
  year      = {2001},
  crossref-ignore  = {DBLP:conf/lics/2001},
  url       = {https://doi.org/10.1109/LICS.2001.932499},
  doi       = {10.1109/LICS.2001.932499},
  timestamp = {Thu, 25 May 2017 00:42:41 +0200},
  biburl    = {http://dblp.org/rec/bib/conf/lics/Pfenning01},
  bibsource = {dblp computer science bibliography, http://dblp.org}
}

@article{rig-erasure,
author = {Abel, Andreas and Danielsson, Nils Anders and Eriksson, Oskar},
title = {A Graded Modal Dependent Type Theory with a Universe and Erasure, Formalized},
year = {2023},
issue_date = {August 2023},
publisher = {Association for Computing Machinery},
address = {New York, NY, USA},
volume = {7},
number = {ICFP},
url = {https://doi.org/10.1145/3607862},
doi = {10.1145/3607862},
journal = {Proc. ACM Program. Lang.},
month = {aug},
articleno = {220},
numpages = {35},
keywords = {linearity, graded modal type theory, modalities, dependent types, erasure, formalization}
}

@inproceedings{guardedtt,
  author       = {Ales Bizjak and
                  Hans Bugge Grathwohl and
                  Ranald Clouston and
                  Rasmus Ejlers M{\o}gelberg and
                  Lars Birkedal},
  editor       = {Bart Jacobs and
                  Christof L{\"{o}}ding},
  title        = {Guarded Dependent Type Theory with Coinductive Types},
  booktitle    = {Foundations of Software Science and Computation Structures - 19th
                  International Conference, {FOSSACS} 2016, Held as Part of the European
                  Joint Conferences on Theory and Practice of Software, {ETAPS} 2016,
                  Eindhoven, The Netherlands, April 2-8, 2016, Proceedings},
  series       = {Lecture Notes in Computer Science},
  volume       = {9634},
  pages        = {20--35},
  publisher    = {Springer},
  year         = {2016},
  url          = {https://doi.org/10.1007/978-3-662-49630-5\_2},
  doi          = {10.1007/978-3-662-49630-5\_2},
  timestamp    = {Tue, 14 May 2019 10:00:55 +0200},
  biburl       = {https://dblp.org/rec/conf/fossacs/BizjakGCMB16.bib},
  bibsource    = {dblp computer science bibliography, https://dblp.org}
}


@INPROCEEDINGS{clocks-ticking,
  author={Bahr, Patrick and Grathwohl, Hans Bugge and Møgelberg, Rasmus Ejlers},
  booktitle={2017 32nd Annual ACM/IEEE Symposium on Logic in Computer Science (LICS)}, 
  title={The clocks are ticking: No more delays!}, 
  year={2017},
  volume={},
  number={},
  pages={1-12},
  doi={10.1109/LICS.2017.8005097}
}

@InProceedings{clocks-adjunctions,
  author =	{Mannaa, Bassel and M{\o}gelberg, Rasmus Ejlers},
  title =	{{The Clocks They Are Adjunctions Denotational Semantics for Clocked Type Theory}},
  booktitle =	{3rd International Conference on Formal Structures for Computation and Deduction (FSCD 2018)},
  pages =	{23:1--23:17},
  series =	{Leibniz International Proceedings in Informatics (LIPIcs)},
  ISBN =	{978-3-95977-077-4},
  ISSN =	{1868-8969},
  year =	{2018},
  volume =	{108},
  editor =	{Kirchner, H\'{e}l\`{e}ne},
  publisher =	{Schloss Dagstuhl -- Leibniz-Zentrum f{\"u}r Informatik},
  address =	{Dagstuhl, Germany},
  URL =		{https://drops.dagstuhl.de/entities/document/10.4230/LIPIcs.FSCD.2018.23},
  URN =		{urn:nbn:de:0030-drops-91938},
  doi =		{10.4230/LIPIcs.FSCD.2018.23},
  annote =	{Keywords: Guarded type theory, Coinduction, Presheaf model, Clocked type theory, Dependent adjunction}
}

@inproceedings{time-warps,
author = {Guatto, Adrien},
title = {A Generalized Modality for Recursion},
year = {2018},
isbn = {9781450355834},
publisher = {Association for Computing Machinery},
address = {New York, NY, USA},
url = {https://doi.org/10.1145/3209108.3209148},
doi = {10.1145/3209108.3209148},
booktitle = {Proceedings of the 33rd Annual ACM/IEEE Symposium on Logic in Computer Science},
pages = {482–491},
numpages = {10},
keywords = {Type Systems, Category Theory, Guarded Recursion, Functional Programming, Streams, Synchronous Programming},
location = {Oxford, United Kingdom},
series = {LICS '18}
}

@InProceedings{mitten,
  author =	{Stassen, Philipp and Gratzer, Daniel and Birkedal, Lars},
  title =	{{\{mitten\}: A Flexible Multimodal Proof Assistant}},
  booktitle =	{28th International Conference on Types for Proofs and Programs (TYPES 2022)},
  pages =	{6:1--6:23},
  series =	{Leibniz International Proceedings in Informatics (LIPIcs)},
  ISBN =	{978-3-95977-285-3},
  ISSN =	{1868-8969},
  year =	{2023},
  volume =	{269},
  editor =	{Kesner, Delia and P\'{e}drot, Pierre-Marie},
  publisher =	{Schloss Dagstuhl -- Leibniz-Zentrum f{\"u}r Informatik},
  address =	{Dagstuhl, Germany},
  URL =		{https://drops.dagstuhl.de/entities/document/10.4230/LIPIcs.TYPES.2022.6},
  URN =		{urn:nbn:de:0030-drops-184498},
  doi =		{10.4230/LIPIcs.TYPES.2022.6},
  annote =	{Keywords: Dependent type theory, guarded recursion, modal type theory, proof assistants}
}

@InProceedings{msubst,
  author =	{Ceulemans, Joris and Nuyts, Andreas and Devriese, Dominique},
  title =	{{A Sound and Complete Substitution Algorithm for Multimode Type Theory}},
  booktitle =	{29th International Conference on Types for Proofs and Programs (TYPES 2023)},
  pages =	{4:1--4:23},
  series =	{Leibniz International Proceedings in Informatics (LIPIcs)},
  ISBN =	{978-3-95977-332-4},
  ISSN =	{1868-8969},
  year =	{2024},
  volume =	{303},
  editor =	{Kesner, Delia and Reyes, Eduardo Hermo and van den Berg, Benno},
  publisher =	{Schloss Dagstuhl -- Leibniz-Zentrum f{\"u}r Informatik},
  address =	{Dagstuhl, Germany},
  URL =		{https://drops.dagstuhl.de/entities/document/10.4230/LIPIcs.TYPES.2023.4},
  URN =		{urn:nbn:de:0030-drops-204826},
  doi =		{10.4230/LIPIcs.TYPES.2023.4},
  annote =	{Keywords: dependent type theory, modalities, multimode type theory, explicit substitutions, substitution algorithm}
}

@misc{msubst-techreport,
      title={A Sound and Complete Substitution Algorithm for Multimode Type Theory: Technical Report}, 
      author={Joris Ceulemans and Andreas Nuyts and Dominique Devriese},
      year={2024},
      eprint={2406.13622},
      archivePrefix={arXiv},
      primaryClass={cs.LO},
      url={https://arxiv.org/abs/2406.13622}, 
}

@inproceedings{bright-side,
  author       = {Dominique Devriese and
                  Frank Piessens},
  editor       = {Manuel M. T. Chakravarty and
                  Zhenjiang Hu and
                  Olivier Danvy},
  title        = {On the bright side of type classes: instance arguments in Agda},
  booktitle    = {Proceeding of the 16th {ACM} {SIGPLAN} international conference on
                  Functional Programming, {ICFP} 2011, Tokyo, Japan, September 19-21,
                  2011},
  pages        = {143--155},
  publisher    = {{ACM}},
  year         = {2011},
  url          = {https://doi.org/10.1145/2034773.2034796},
  doi          = {10.1145/2034773.2034796},
  timestamp    = {Thu, 24 Jun 2021 16:19:30 +0200},
  biburl       = {https://dblp.org/rec/conf/icfp/DevrieseP11.bib},
  bibsource    = {dblp computer science bibliography, https://dblp.org}
}
  
@article{cockx-proof-relevant,
  author       = {Jesper Cockx and
                  Dominique Devriese},
  title        = {Proof-relevant unification: Dependent pattern matching with only the axioms of your type theory},
  journal      = {J. Funct. Program.},
  volume       = {28},
  pages        = {e12},
  year         = {2018},
  url          = {https://doi.org/10.1017/S095679681800014X},
  doi          = {10.1017/S095679681800014X},
  timestamp    = {Fri, 02 Nov 2018 09:31:48 +0100},
  biburl       = {https://dblp.org/rec/journals/jfp/CockxD18.bib},
  bibsource    = {dblp computer science bibliography, https://dblp.org}
}

@inproceedings{cockx-higher,
  author       = {Jesper Cockx and
                  Dominique Devriese},
  editor       = {Yves Bertot and
                  Viktor Vafeiadis},
  title        = {Lifting proof-relevant unification to higher dimensions},
  booktitle    = {Proceedings of the 6th {ACM} {SIGPLAN} Conference on Certified Programs
                  and Proofs, {CPP} 2017, Paris, France, January 16-17, 2017},
  pages        = {173--181},
  publisher    = {{ACM}},
  year         = {2017},
  url          = {https://doi.org/10.1145/3018610.3018612},
  doi          = {10.1145/3018610.3018612},
  timestamp    = {Tue, 06 Nov 2018 16:59:23 +0100},
  biburl       = {https://dblp.org/rec/conf/cpp/CockxD17.bib},
  bibsource    = {dblp computer science bibliography, https://dblp.org}
}

@article{cockx-without-k,
  author       = {Jesper Cockx and
                  Dominique Devriese and
                  Frank Piessens},
  title        = {Eliminating dependent pattern matching without {K}},
  journal      = {J. Funct. Program.},
  volume       = {26},
  pages        = {e16},
  year         = {2016},
  url          = {https://doi.org/10.1017/S0956796816000174},
  doi          = {10.1017/S0956796816000174},
  timestamp    = {Fri, 30 Nov 2018 13:26:43 +0100},
  biburl       = {https://dblp.org/rec/journals/jfp/CockxDP16.bib},
  bibsource    = {dblp computer science bibliography, https://dblp.org}
}

@inproceedings{cockx-as-equivalences,
  author       = {Jesper Cockx and
                  Dominique Devriese and
                  Frank Piessens},
  editor       = {Jacques Garrigue and
                  Gabriele Keller and
                  Eijiro Sumii},
  title        = {Unifiers as equivalences: proof-relevant unification of dependently
                  typed data},
  booktitle    = {Proceedings of the 21st {ACM} {SIGPLAN} International Conference on
                  Functional Programming, {ICFP} 2016, Nara, Japan, September 18-22,
                  2016},
  pages        = {270--283},
  publisher    = {{ACM}},
  year         = {2016},
  url          = {https://doi.org/10.1145/2951913.2951917},
  doi          = {10.1145/2951913.2951917},
  timestamp    = {Wed, 23 Jun 2021 15:34:31 +0200},
  biburl       = {https://dblp.org/rec/conf/icfp/CockxDP16.bib},
  bibsource    = {dblp computer science bibliography, https://dblp.org}
}

@article{labrada-plausible-sealing,
  title = {Plausible Sealing for Gradual Parametricity},
  author = {Labrada, Elizabeth and Toro, Mat{\'i}as and Tanter, {\'E}ric and Devriese, Dominique},
  year = {2022},
  month = apr,
  journal = {Proceedings of the ACM on Programming Languages},
  volume = {6},
  number = {OOPSLA1},
  doi = {10.1145/3527314},
  timestamp = {2024-01-09T12:05:55Z}
}
@article{devriese-param-vs-universal,
  title = {Parametricity versus the Universal Type},
  author = {Devriese, Dominique and Patrignani, Marco and Piessens, Frank},
  year = {2017},
  month = dec,
  journal = {Proceedings of the ACM on Programming Languages},
  volume = {2},
  number = {POPL},
  pages = {38},
  doi = {10.1145/3158126},
  timestamp = {2023-12-06T16:06:10Z}
}

@article{devriese-2vs3,
  title = {Two {{Parametricities Versus Three Universal Types}}},
  author = {Devriese, Dominique and Patrignani, Marco and Piessens, Frank},
  year = {2022},
  month = sep,
  journal = {ACM Transactions on Programming Languages and Systems},
  volume = {44},
  number = {4},
  pages = {23:1--23:43},
  issn = {0164-0925},
  doi = {10.1145/3539657},
  timestamp = {2024-01-09T12:06:31Z}
}
@inproceedings{devriese-effect-param,
  title = {Reasoning about {{Object Capabilities Using Logical Relations}} and {{Effect Parametricity}}},
  booktitle = {European {{Symposium}} on {{Security}} and {{Privacy}}},
  author = {Devriese, Dominique and Birkedal, Lars and Piessens, Frank},
  year = {2016},
  publisher = {{IEEE}},
  doi = {10.1109/EuroSP.2016.22},
  copyright = {All rights reserved},
  timestamp = {2020-03-17T12:36:58Z}
}
@inproceedings{swasey-robust,
  title = {Robust and {{Compositional Verification}} of {{Object Capability Patterns}}},
  booktitle = {{{OOPSLA}}},
  author = {Swasey, David and Garg, Deepak and Dreyer, Derek},
  year = {2017},
  publisher = {{ACM}},
  url = {https://people.mpi-sws.org/~swasey/papers/ocpl/ocpl-20170418.pdf},
  urldate = {2017-09-21},
  timestamp = {2019-02-26T14:14:56Z}
}
@article{cerise,
  title = {Cerise: {{Program Verification}} on a {{Capability Machine}} in the {{Presence}} of {{Untrusted Code}}},
  shorttitle = {Cerise},
  author = {Georges, A{\"i}na Linn and Gu{\'e}neau, Arma{\"e}l and Van Strydonck, Thomas and Timany, Amin and Trieu, Alix and Devriese, Dominique and Birkedal, Lars},
  year = {2023},
  month = sep,
  journal = {Journal of the ACM},
  issn = {0004-5411},
  doi = {10.1145/3623510},
  urldate = {2023-10-23},
  annotation = {Just Accepted},
  timestamp = {2023-10-23T12:28:39Z}
}
@inproceedings{huyghebaert-universal-contracts,
  title = {Formalizing, Verifying and Applying {{ISA}} Security Guarantees as Universal Contracts},
  booktitle = {Computer and {{Communications Security}}},
  author = {Huyghebaert, Sander and Keuchel, Steven and De Roover, Coen and Devriese, Dominique},
  year = {2023},
  month = nov,
  publisher = {{ACM}},
  keywords = {G0G0519N\#56397259},
  timestamp = {2023-11-08T11:11:34Z}
}
@inproceedings{approximate-back-translation,
  title = {Fully {{Abstract Compilation}} by {{Approximate Back-Translation}}},
  booktitle = {Principles of {{Programming Languages}}},
  author = {Devriese, Dominique and Patrignani, Marco and Piessens, Frank},
  year = {2016},
  publisher = {{ACM}},
  doi = {10.1145/2837614.2837618},
  copyright = {All rights reserved},
  timestamp = {2017-09-21T10:48:20Z}
}
@article{devriese-modular,
  title = {Modular, {{Fully-abstract Compilation}} by {{Approximate Back-translation}}},
  author = {Devriese, Dominique and Patrignani, Marco and Piessens, Frank and Keuchel, Steven},
  year = {2017},
  month = oct,
  journal = {Logical Methods in Computer Science},
  volume = {13},
  number = {4 lmcs:4011},
  eprint = {1703.09988},
  primaryclass = {cs.PL},
  doi = {10.23638/LMCS-13(4:2)2017},
  archiveprefix = {arxiv},
  copyright = {All rights reserved},
  timestamp = {2019-09-29T19:48:47Z}
}
@article{fully-abstract-static-to-gradual,
  title = {Fully Abstract from Static to Gradual},
  author = {Jacobs, Koen and Timany, Amin and Devriese, Dominique},
  year = {2021},
  month = jan,
  journal = {Proceedings of the ACM on Programming Languages},
  volume = {5},
  number = {POPL},
  pages = {7:1--7:30},
  doi = {10.1145/3434288},
  urldate = {2021-03-22},
  copyright = {All rights reserved},
  timestamp = {2021-03-22T11:11:15Z}
}

@article{pfenning-davies,
  author       = {Frank Pfenning and
                  Rowan Davies},
  title        = {A judgmental reconstruction of modal logic},
  journal      = {Math. Struct. Comput. Sci.},
  volume       = {11},
  number       = {4},
  pages        = {511--540},
  year         = {2001},
  url          = {https://doi.org/10.1017/S0960129501003322},
  doi          = {10.1017/S0960129501003322},
  timestamp    = {Wed, 01 Apr 2020 08:48:43 +0200},
  biburl       = {https://dblp.org/rec/journals/mscs/PfenningD01.bib},
  bibsource    = {dblp computer science bibliography, https://dblp.org}
}

@inproceedings{mtt-nbe,
  author       = {Daniel Gratzer},
  editor       = {Christel Baier and
                  Dana Fisman},
  title        = {Normalization for Multimodal Type Theory},
  booktitle    = {{LICS} '22: 37th Annual {ACM/IEEE} Symposium on Logic in Computer
                  Science, Haifa, Israel, August 2 - 5, 2022},
  pages        = {2:1--2:13},
  publisher    = {{ACM}},
  year         = {2022},
  url          = {https://doi.org/10.1145/3531130.3532398},
  doi          = {10.1145/3531130.3532398},
  timestamp    = {Tue, 21 Mar 2023 20:59:24 +0100},
  biburl       = {https://dblp.org/rec/conf/lics/Gratzer22.bib},
  bibsource    = {dblp computer science bibliography, https://dblp.org}
}

@article{shulman-brouwer,
  author       = {Michael Shulman},
  title        = {Brouwer's fixed-point theorem in real-cohesive homotopy type theory},
  journal      = {Math. Struct. Comput. Sci.},
  volume       = {28},
  number       = {6},
  pages        = {856--941},
  year         = {2018},
  url          = {https://doi.org/10.1017/S0960129517000147},
  doi          = {10.1017/S0960129517000147},
  timestamp    = {Wed, 01 Apr 2020 08:48:55 +0200},
  biburl       = {https://dblp.org/rec/journals/mscs/Shulman18.bib},
  bibsource    = {dblp computer science bibliography, https://dblp.org}
}

@inproceedings{clouston-fitch,
  author       = {Ranald Clouston},
  editor       = {Christel Baier and
                  Ugo Dal Lago},
  title        = {Fitch-Style Modal Lambda Calculi},
  booktitle    = {Foundations of Software Science and Computation Structures - 21st
                  International Conference, {FOSSACS} 2018, Held as Part of the European
                  Joint Conferences on Theory and Practice of Software, {ETAPS} 2018,
                  Thessaloniki, Greece, April 14-20, 2018, Proceedings},
  series       = {Lecture Notes in Computer Science},
  volume       = {10803},
  pages        = {258--275},
  publisher    = {Springer},
  year         = {2018},
  url          = {https://doi.org/10.1007/978-3-319-89366-2\_14},
  doi          = {10.1007/978-3-319-89366-2\_14},
  timestamp    = {Fri, 31 Jan 2020 21:32:20 +0100},
  biburl       = {https://dblp.org/rec/conf/fossacs/Clouston18.bib},
  bibsource    = {dblp computer science bibliography, https://dblp.org}
}

@article{fitch-nbe,
author = {Valliappan, Nachiappan and Ruch, Fabian and Tom\'{e} Corti{\~{n}}as, Carlos},
title = {Normalization for Fitch-Style Modal Calculi},
year = {2022},
issue_date = {August 2022},
publisher = {Association for Computing Machinery},
address = {New York, NY, USA},
volume = {6},
number = {ICFP},
url = {https://doi.org/10.1145/3547649},
doi = {10.1145/3547649},
month = {aug},
articleno = {118},
numpages = {27},
keywords = {Normalization by Evaluation, Possible-world semantics, Fitch-style lambda calculi}
}

@article{modal-impl,
author = {Gratzer, Daniel and Sterling, Jonathan and Birkedal, Lars},
title = {Implementing a Modal Dependent Type Theory},
year = {2019},
issue_date = {August 2019},
publisher = {Association for Computing Machinery},
address = {New York, NY, USA},
volume = {3},
number = {ICFP},
url = {https://doi.org/10.1145/3341711},
doi = {10.1145/3341711},
journal = {Proc. ACM Program. Lang.},
month = {jul},
articleno = {107},
numpages = {29},
keywords = {dependent types, normalization by evaluation, Modal types, type-checking}
}

@article{modal-pra,
  author       = {Daniel Gratzer and
                  Evan Cavallo and
                  G. A. Kavvos and
                  Adrien Guatto and
                  Lars Birkedal},
  title        = {Modalities and Parametric Adjoints},
  journal      = {{ACM} Trans. Comput. Log.},
  volume       = {23},
  number       = {3},
  pages        = {18:1--18:29},
  year         = {2022},
  url          = {https://doi.org/10.1145/3514241},
  doi          = {10.1145/3514241},
  timestamp    = {Mon, 26 Jun 2023 20:57:09 +0200},
  biburl       = {https://dblp.org/rec/journals/tocl/GratzerCKGB22.bib},
  bibsource    = {dblp computer science bibliography, https://dblp.org}
}

@article{dra,
  author       = {Lars Birkedal and
                  Ranald Clouston and
                  Bassel Mannaa and
                  Rasmus Ejlers M{\o}gelberg and
                  Andrew M. Pitts and
                  Bas Spitters},
  title        = {Modal dependent type theory and dependent right adjoints},
  journal      = {Math. Struct. Comput. Sci.},
  volume       = {30},
  number       = {2},
  pages        = {118--138},
  year         = {2020},
  url          = {https://doi.org/10.1017/S0960129519000197},
  doi          = {10.1017/S0960129519000197},
  timestamp    = {Mon, 15 Jun 2020 16:56:03 +0200},
  biburl       = {https://dblp.org/rec/journals/mscs/BirkedalCMMPS20.bib},
  bibsource    = {dblp computer science bibliography, https://dblp.org}
}

@inproceedings{dybjer-cwf,
  author       = {Peter Dybjer},
  editor       = {Stefano Berardi and
                  Mario Coppo},
  title        = {Internal Type Theory},
  booktitle    = {Types for Proofs and Programs, International Workshop TYPES'95, Torino,
                  Italy, June 5-8, 1995, Selected Papers},
  series       = {Lecture Notes in Computer Science},
  volume       = {1158},
  pages        = {120--134},
  publisher    = {Springer},
  year         = {1995},
  url          = {https://doi.org/10.1007/3-540-61780-9\_66},
  doi          = {10.1007/3-540-61780-9\_66},
  timestamp    = {Tue, 14 May 2019 10:00:42 +0200},
  biburl       = {https://dblp.org/rec/conf/types/Dybjer95.bib},
  bibsource    = {dblp computer science bibliography, https://dblp.org}
}

@inproceedings{matt,
  author       = {Michael Shulman},
  editor       = {Marie Kerjean and
                  Paul Blain Levy},
  title        = {Semantics of multimodal adjoint type theory},
  booktitle    = {Proceedings of the 39th Conference on the Mathematical Foundations
                  of Programming Semantics, {MFPS} XXXIX, Indiana University, Bloomington,
                  IN, USA, June 21-23, 2023},
  series       = {{EPTICS}},
  volume       = {3},
  publisher    = {EpiSciences},
  year         = {2023},
  url          = {https://doi.org/10.46298/entics.12300},
  doi          = {10.46298/ENTICS.12300},
  timestamp    = {Wed, 03 Jan 2024 15:56:41 +0100},
  biburl       = {https://dblp.org/rec/journals/corr/abs-2303-02572.bib},
  bibsource    = {dblp computer science bibliography, https://dblp.org}
}

@inproceedings{nakano,
  author    = {Hiroshi Nakano},
  title     = {A Modality for Recursion},
  booktitle = {15th Annual {IEEE} Symposium on Logic in Computer Science, Santa Barbara,
               California, USA, June 26-29, 2000},
  pages     = {255--266},
  publisher = {{IEEE} Computer Society},
  year      = {2000},
  url       = {https://doi.org/10.1109/LICS.2000.855774},
  doi       = {10.1109/LICS.2000.855774},
  timestamp = {Wed, 16 Oct 2019 14:14:54 +0200},
  biburl    = {https://dblp.org/rec/conf/lics/Nakano00.bib},
  bibsource = {dblp computer science bibliography, https://dblp.org}
}

@inproceedings{altenkirch-nbe,
  author       = {Thorsten Altenkirch and
                  Martin Hofmann and
                  Thomas Streicher},
  title        = {Reduction-Free Normalisation for a Polymorphic System},
  booktitle    = {Proceedings, 11th Annual {IEEE} Symposium on Logic in Computer Science,
                  New Brunswick, New Jersey, USA, July 27-30, 1996},
  pages        = {98--106},
  publisher    = {{IEEE} Computer Society},
  year         = {1996},
  url          = {https://doi.org/10.1109/LICS.1996.561309},
  doi          = {10.1109/LICS.1996.561309},
  timestamp    = {Fri, 24 Mar 2023 00:01:49 +0100},
  biburl       = {https://dblp.org/rec/conf/lics/AltenkirchHS96.bib},
  bibsource    = {dblp computer science bibliography, https://dblp.org}
}

@phdthesis{abel-habilitation,
  title={Normalization by evaluation: Dependent types and impredicativity},
  author={Abel, Andreas},
  type={Habilitation thesis},
  school={Ludwig-Maximilians-Universit{\"a}t M{\"u}nchen},
  address={Germany},
  year={2013}
}

@inproceedings{agda-guarded,
author = {Veltri, Niccol\`{o} and Vezzosi, Andrea},
title = {Formalizing {$\pi$}-Calculus in Guarded Cubical Agda},
year = {2020},
isbn = {9781450370974},
publisher = {Association for Computing Machinery},
address = {New York, NY, USA},
url = {https://doi.org/10.1145/3372885.3373814},
doi = {10.1145/3372885.3373814},
booktitle = {Proceedings of the 9th ACM SIGPLAN International Conference on Certified Programs and Proofs},
pages = {270–283},
numpages = {14},
keywords = {ticked cubical type theory, denotational semantics, guarded recursion, pi-calculus},
location = {New Orleans, LA, USA},
series = {CPP 2020}
}

@inproceedings{reynolds-separation,
  title = {Separation Logic: {{A}} Logic for Shared Mutable Data Structures},
  booktitle = {Logic in {{Computer Science}}},
  author = {Reynolds, John C},
  year = {2002},
  pages = {55--74},
  publisher = {{IEEE}},
  timestamp = {2017-01-25T21:04:26Z}
}
@article{iris-groud-up,
  title = {Iris from the Ground up: {{A}} Modular Foundation for Higher-Order Concurrent Separation Logic},
  shorttitle = {Iris from the Ground Up},
  author = {Jung, Ralf and Krebbers, Robbert and Jourdan, Jacques-Henri and Bizjak, Ale{\v s} and Birkedal, Lars and Dreyer, Derek},
  year = {2018},
  journal = {Journal of Functional Programming},
  volume = {28},
  issn = {0956-7968, 1469-7653},
  doi = {10.1017/S0956796818000151},
  langid = {english},
  timestamp = {2021-02-24T08:17:37Z}
}

@inproceedings{mtt-copsh-wg6,
  title = {Every modality is a relative right adjoint},
  booktitle = {EuroProofNet Work Group 6 Meeting},
  url = {https://europroofnet.github.io/wg6-vienna/programme/#nuyts},
  author = {Nuyts, Andreas and Poiret, Josselin},
  year = {2023}
}

@misc{papers-using-agda,
  title = {{PapersUsingAgda}},
  url = {https://wiki.portal.chalmers.se/agda/Main/PapersUsingAgda},
  author = {The {Agda Wiki}},
  year = {2024},
}

@article{xtt,
  author       = {Jonathan Sterling and
                  Carlo Angiuli and
                  Daniel Gratzer},
  title        = {A Cubical Language for Bishop Sets},
  journal      = {Log. Methods Comput. Sci.},
  volume       = {18},
  number       = {1},
  year         = {2022},
  url          = {https://doi.org/10.46298/lmcs-18(1:43)2022},
  doi          = {10.46298/LMCS-18(1:43)2022},
  timestamp    = {Tue, 24 Jan 2023 10:48:24 +0100},
  biburl       = {https://dblp.org/rec/journals/lmcs/SterlingAG22.bib},
  bibsource    = {dblp computer science bibliography, https://dblp.org}
}

@article{agda-cubical,
  author       = {Andrea Vezzosi and
                  Anders M{\"{o}}rtberg and
                  Andreas Abel},
  title        = {Cubical Agda: {A} dependently typed programming language with univalence
                  and higher inductive types},
  journal      = {J. Funct. Program.},
  volume       = {31},
  pages        = {e8},
  year         = {2021},
  url          = {https://doi.org/10.1017/S0956796821000034},
  doi          = {10.1017/S0956796821000034},
  timestamp    = {Sun, 16 May 2021 00:13:31 +0200},
  biburl       = {https://dblp.org/rec/journals/jfp/VezzosiMA21.bib},
  bibsource    = {dblp computer science bibliography, https://dblp.org}
}

@software{cubical-library,
author = {The {Agda Community}},
month = {oct},
title = {{Cubical Agda Library}},
url = {https://github.com/agda/cubical},
version = {0.6},
year = {2023}
}

@misc{stacks-adjoints,
  shorthand    = {StaVC},
  author       = {The {Stacks Project Authors}},
  title        = {Stacks Project},
  url-ignore          = {http://stacks.math.columbia.edu},
  howpublished = {\url{http://stacks.math.columbia.edu}},
  note = {Tags \href{https://stacks.math.columbia.edu/tag/00VC}{00VC} and \href{https://stacks.math.columbia.edu/tag/00XF}{00XF}},
  year-ignore         = {2019},
}

@misc{nlab:lifting-functors,
  author = {{nLab authors}},
  title = {functoriality of categories of presheaves},
  url = {https://ncatlab.org/nlab/show/functoriality+of+categories+of+presheaves},
  note = {{Revision 6}},
  month = feb,
  year-ignore = 2024
}

@misc{nlab:adjoint-functor-theorem,
  author = {{nLab authors}},
  title = {adjoint functor theorem},
  url = {https://ncatlab.org/nlab/show/adjoint+functor+theorem},
  note = {{Revision 78}},
  month = feb,
  year = 2024
}

@misc{nlab:yoneda-extension,
  author = {{nLab authors}},
  title = {{{Y}}oneda extension},
  url = {https://ncatlab.org/nlab/show/Yoneda+extension},
  note = {{Revision 14}},
  month = feb,
  year = 2024
}

@misc{nlab:adjoint-functor,
  author = {{nLab authors}},
  title = {adjoint functor},
  url = {https://ncatlab.org/nlab/show/adjoint+functor},
  note-ignore = {\href{https://ncatlab.org/nlab/revision/adjoint+functor/141}{Revision 141}},
  month = jun,
  year-ignore = 2024
}

@article{dua-simplicial,
  author       = {Daniel Gratzer and
                  Jonathan Weinberger and
                  Ulrik Buchholtz},
  title        = {Directed univalence in simplicial homotopy type theory},
  journal      = {CoRR},
  volume       = {abs/2407.09146},
  year         = {2024},
  url          = {https://doi.org/10.48550/arXiv.2407.09146},
  doi          = {10.48550/ARXIV.2407.09146},
  eprinttype    = {arXiv},
  eprint       = {2407.09146},
  timestamp    = {Thu, 15 Aug 2024 11:20:54 +0200},
  biburl       = {https://dblp.org/rec/journals/corr/abs-2407-09146.bib},
  bibsource    = {dblp computer science bibliography, https://dblp.org}
}

@article{composing-dinatural,
title = {Composing dinatural transformations: Towards a calculus of substitution},
journal = {Journal of Pure and Applied Algebra},
volume = {225},
number = {10},
pages = {106689},
year = {2021},
issn = {0022-4049},
doi = {https://doi.org/10.1016/j.jpaa.2021.106689},
url = {https://www.sciencedirect.com/science/article/pii/S0022404921000256},
author = {Guy McCusker and Alessio Santamaria},
keywords = {Dinatural transformation, Compositionality, Substitution, Coherence, Petri net},
}

@article{nat-equiv,
  title = {General theory of natural equivalences},
  volume = {58},
  ISSN = {1088-6850},
  url = {http://dx.doi.org/10.1090/S0002-9947-1945-0013131-6},
  DOI = {10.1090/s0002-9947-1945-0013131-6},
  number = {0},
  journal = {Transactions of the American Mathematical Society},
  publisher = {American Mathematical Society (AMS)},
  author = {Eilenberg,  Samuel and MacLane,  Saunders},
  year = {1945},
  pages = {231–294}
}

@article{kelly-tensor-extranat,
title = {Tensor products in categories},
journal = {Journal of Algebra},
volume = {2},
number = {1},
pages = {15-37},
year = {1965},
issn = {0021-8693},
doi = {https://doi.org/10.1016/0021-8693(65)90022-0},
url = {https://www.sciencedirect.com/science/article/pii/0021869365900220},
author = {G.M Kelly}
}

@article{extranat-compose,
title = {A generalization of the functorial calculus},
journal = {Journal of Algebra},
volume = {3},
number = {3},
pages = {366-375},
year = {1966},
issn = {0021-8693},
doi = {https://doi.org/10.1016/0021-8693(66)90006-8},
url = {https://www.sciencedirect.com/science/article/pii/0021869366900068},
author = {Samuel Eilenberg and G.M Kelly}
}

@article{g-dinat,
title = {G-dinaturality},
journal = {Annals of Pure and Applied Logic},
volume = {122},
number = {1},
pages = {131-173},
year = {2003},
issn = {0168-0072},
doi = {https://doi.org/10.1016/S0168-0072(03)00003-4},
url = {https://www.sciencedirect.com/science/article/pii/S0168007203000034},
author = {Zoran Petrić},
keywords = {Dinatural transformations, Bicartesian closed categories},
abstract = {An extension of the notion of dinatural transformation is introduced in order to give a criterion for preservation of dinaturality under composition. An example of an application is given by proving that all bicartesian closed canonical transformations are dinatural. An alternative sequent system for intuitionistic propositional logic is introduced as a device, and a cut-elimination procedure is established for this system.}
}

@inproceedings{neumann-modal-sogats,
  title = {Towards Modal SOGATs},
  booktitle = {EuroProofNet Work Group 6 Meeting},
  url = {https://europroofnet.github.io/wg6-leuven/programme#neumann},
  author = {Jacob Neumann},
  year = {2024}
}

@article{street-cat-limits,
title = {Limits indexed by category-valued 2-functors},
journal = {Journal of Pure and Applied Algebra},
volume = {8},
number = {2},
pages = {149-181},
year = {1976},
issn = {0022-4049},
doi = {https://doi.org/10.1016/0022-4049(76)90013-X},
url = {https://www.sciencedirect.com/science/article/pii/002240497690013X},
author = {Ross Street}
}

@inproceedings{vett,
  author       = {Max S. New and
                  Daniel R. Licata},
  editor       = {Orna Kupferman and
                  Pawel Sobocinski},
  title        = {A Formal Logic for Formal Category Theory},
  booktitle    = {Foundations of Software Science and Computation Structures - 26th
                  International Conference, FoSSaCS 2023, Held as Part of the European
                  Joint Conferences on Theory and Practice of Software, {ETAPS} 2023,
                  Paris, France, April 22-27, 2023, Proceedings},
  series       = {Lecture Notes in Computer Science},
  volume       = {13992},
  pages        = {113--134},
  publisher    = {Springer},
  year         = {2023},
  url          = {https://doi.org/10.1007/978-3-031-30829-1\_6},
  doi          = {10.1007/978-3-031-30829-1\_6},
  timestamp    = {Wed, 17 May 2023 21:55:32 +0200},
  biburl       = {https://dblp.org/rec/conf/fossacs/NewL23.bib},
  bibsource    = {dblp computer science bibliography, https://dblp.org}
}

@misc{laretto-dinaturality,
      title={Directed equality with dinaturality}, 
      author={Andrea Laretto and Fosco Loregian and Niccolò Veltri},
      year={2024},
      eprint={2409.10237},
      archivePrefix={arXiv},
      primaryClass={math.CT},
      url={https://arxiv.org/abs/2409.10237}, 
}

@inproceedings{psh-charting-design-space,
  timestamp = {2019-02-20T09:15:16Z},
  title = {Internalizing {{Presheaf Semantics}}: {{Charting}} the {{Design Space}}},
  booktitle = {Workshop on {{Homotopy Type Theory}} / {{Univalent Foundations}}},
  url = {https://hott-uf.github.io/2018/abstracts/HoTTUF18_paper_1.pdf},
  author = {Nuyts, Andreas and Devriese, Dominique},
  year = {2018}
}

@article{bisikkel-accepted,
author = {Ceulemans, Joris and Nuyts, Andreas and Devriese, Dominique},
title = {BiSikkel: A Multimode Logical Framework in Agda},
year = {2025},
issue_date = {January 2025},
publisher = {Association for Computing Machinery},
address = {New York, NY, USA},
volume-ignore = {8},
number = {POPL},
url-ignore = {https://lirias.kuleuven.be/retrieve/741116},
doi-ignore = {10.1145/3632850},
journal = {Proc. ACM Program. Lang.},
month = {jan},
articleno-ignore = {8},
numpages-ignore = {32},
keywords-ignore = {Agda, cubical type theory, parametricity, structure relatedness principle},
note = {Accepted}
}

@article{riley-tiny,
  author       = {Mitchell Riley},
  title        = {A Type Theory with a Tiny Object},
  journal      = {CoRR},
  volume       = {abs/2403.01939},
  year         = {2024},
  url-ignore          = {https://doi.org/10.48550/arXiv.2403.01939},
  doi-ignore          = {10.48550/ARXIV.2403.01939},
  eprinttype    = {arXiv},
  eprint       = {2403.01939},
  timestamp    = {Wed, 10 Apr 2024 17:37:45 +0200},
  biburl       = {https://dblp.org/rec/journals/corr/abs-2403-01939.bib},
  bibsource    = {dblp computer science bibliography, https://dblp.org}
}

@book{logic-and-proof,
    author    = "Avigad, Jeremy and Lewis, Robert Y. and van Doorn, Floris",
    title     = "Logic and Proof",
    year      = "2017",
    url = {https://avigad.github.io/logic_and_proof/index.html},
    publisher = "Self-published"
}


@phdthesis{wemmenhove-phd,
title = "Waterproof: Transforming a proof assistant into an educational tool",
author = "Wemmenhove, {Aalt Jelle}",
note = "Proefschrift.",
year = "2025",
month = mar,
day = "21",
language = "English",
isbn = "978-90-386-6309-8",
publisher = "Eindhoven University of Technology",
type = "Phd Thesis 1 (Research TU/e / Graduation TU/e)",
school = "Mathematics and Computer Science",
}

@article{waterproof,
   title={Waterproof: Educational Software for Learning How to Write Mathematical Proofs},
   volume={400},
   ISSN={2075-2180},
   url={http://dx.doi.org/10.4204/EPTCS.400.7},
   DOI={10.4204/eptcs.400.7},
   journal={Electronic Proceedings in Theoretical Computer Science},
   publisher={Open Publishing Association},
   author={Wemmenhove, Jelle and Arends, Dick and Beurskens, Thijs and Bhaid, Maitreyee and McCarren, Sean and Moraal, Jan and Rivera Garrido, Diego and Tuin, David and Vassallo, Malcolm and Wils, Pieter and Portegies, Jim},
   year={2024},
   month=apr, pages={96–119}
}

@article{petri-nets-are-monoids,
title = {Petri nets are monoids},
journal = {Information and Computation},
volume = {88},
number = {2},
pages = {105-155},
year = {1990},
issn = {0890-5401},
doi = {https://doi.org/10.1016/0890-5401(90)90013-8},
url = {https://www.sciencedirect.com/science/article/pii/0890540190900138},
author = {José Meseguer and Ugo Montanari},
}

@misc{nlab:petri-net,
  author = {{nLab authors}},
  title = {{{P}}etri net},
  url = {https://ncatlab.org/nlab/show/Petri+net},
  note = {{Revision 19}},
  month = 3,
  year = 2025,
}

@INPROCEEDINGS{cubical-stc,
  author={Sterling, Jonathan and Angiuli, Carlo},
  booktitle={2021 36th Annual ACM/IEEE Symposium on Logic in Computer Science (LICS)}, 
  title={Normalization for Cubical Type Theory}, 
  year={2021},
  volume={},
  number={},
  pages={1-15},
  keywords={Computer science;Syntactics},
  doi={10.1109/LICS52264.2021.9470719}
}

@phdthesis{sterling-phd,
  author       = {Jonathan Sterling},
  title        = {First Steps in Synthetic Tait Computability: The Objective Metatheory
                  of Cubical Type Theory},
  school       = {Carnegie Mellon University, {USA}},
  year         = {2022},
  url          = {https://doi.org/10.1184/r1/19632681.v1},
  doi          = {10.1184/R1/19632681.V1},
  timestamp    = {Wed, 13 Jul 2022 11:43:19 +0200},
  biburl       = {https://dblp.org/rec/phd/us/Sterling22.bib},
  bibsource    = {dblp computer science bibliography, https://dblp.org}
}

@phdthesis{angiuli-phd,
  author       = {Carlo Angiuli},
  title        = {Computational Semantics of Cartesian Cubical Type Theory},
  school       = {Carnegie Mellon University, {USA}},
  year         = {2021},
  url          = {https://doi.org/10.1184/r1/16860013.v1},
  doi          = {10.1184/R1/16860013.V1},
  timestamp    = {Wed, 13 Jul 2022 11:43:19 +0200},
  biburl       = {https://dblp.org/rec/phd/us/Angiuli21.bib},
  bibsource    = {dblp computer science bibliography, https://dblp.org}
}

@inproceedings{trascwod-hott-uf-accepted,
  title = {Transpension for Cubes without Diagonals},
  booktitle = {Accepted at the Workshop on {{Homotopy Type Theory}} / {{Univalent Foundations}}},
  author = {Nuyts, Andreas},
  year = {2025},
}
